1847 3438
316 160 352 209 a

168 283 232 329 E!
263 285 431 328 classes
464 281 733 336 plantarum
793 289 887 318 non
923 274 1066 330 magis
1102 276 1157 317 ab
1192 273 1462 322 insertione,
1543 286 1682 331 quam

174 357 386 389 numero,
427 339 673 379 staminum
708 333 914 376 derivari
949 340 1148 387 possunt.

392 395 472 437 Sic
505 395 691 435 ordines
728 392 962 432 naturales
1003 389 1274 436 Adansonfi,
1316 389 1680 437 characteribus,

177 469 270 499 non
305 454 542 498 affinitate,
575 450 769 494 suffulti,
803 447 990 489 minime
1021 447 1270 488 naturale&

394 510 475 552 Sic
541 508 822 563 principium
860 504 1035 546 Linnaei
1099 506 1156 546 ad
1222 511 1417 557 systema
1466 499 1681 542 naturale

180 567 492 613 condendum,
527 568 575 606 in
609 565 986 608 concatenatione
1020 562 1283 615 plantarum
1313 563 1502 604 haerens,
1535 559 1685 599 solum

181 640 366 672 verum;
427 624 623 670 Linnaei,
660 636 808 677 quem,
850 622 958 675 quia
994 621 1282 662 characteres
1327 631 1417 659 non
1452 616 1584 656 daret
1614 616 1684 655 fa-

179 684 443 728 miliarum,
482 689 573 724 tam
608 681 998 734 vituperaverunt
1034 679 1330 724 recentiores,
1364 673 1687 716 Adansonium

181 740 437 783 laudantes.

394 853 439 900 3.
518 849 769 912 Sequitur
806 850 1006 911 itaque,
1048 863 1150 895 non
1175 864 1280 912 prae
1305 846 1487 895 ceteris
1514 846 1690 896 valere

180 936 349 968 unum
394 917 475 964 vel
518 917 741 964 alterum
780 915 1134 964 characterem
1175 917 1459 977 generatim
1495 926 1546 965 et
1587 916 1686 965 ab·

186 988 369 1038 solute.
443 984 546 1033 Cfr.
591 986 739 1036 Linn,
778 983 907 1031 class
971 984 1037 1047 pl.
1079 1000 1125 1046 p.
1168 984 1265 1048 487

381 1053 460 1095 Sic
495 1052 543 1092 in
579 1052 730 1105 regnis
762 1057 935 1094 naturae
966 1050 1213 1104 organicis,
1257 1052 1369 1093 licet
1429 1064 1582 1093 semen
1635 1050 1695 1094 ad,

184 1111 410 1154 sectiones
443 1112 706 1151 formandas
744 1113 792 1152 in
833 1111 1085 1163 vegetabili
1134 1109 1324 1151 maximi
1357 1122 1496 1159 usus3
1553 1125 1694 1154 ovum

184 1169 362 1214 nullius
400 1169 494 1209 fere
534 1169 753 1210 momenti
788 1169 837 1208 in
871 1167 1080 1209 animali.

389 1226 470 1268 Sic
501 1241 651 1268 semen
715 1240 806 1266 non
840 1227 1092 1279 generatim
1154 1224 1466 1276 supereminet
1517 1226 1695 1274 floreum*

183 1298 272 1326 nec
303 1299 486 1340 semper
518 1283 719 1327 insertio
757 1283 1007 1324 staminum
1047 1295 1203 1324 eorum
1237 1295 1478 1325 numerum
1510 1297 1695 1326 norma-

188 1345 294 1386 lem.

392 1425 441 1486 4.
515 1422 794 1472 Methodus
836 1419 1129 1471 artificialis
1171 1420 1537 1483 exceptionum
1580 1429 1698 1490 qui-

195 1496 310 1545 dem
345 1494 589 1544 immunis
627 1507 732 1540 csse
760 1501 951 1555 potest,
989 1492 1110 1555 quia
1148 1506 1205 1536 ex
1246 1488 1444 1536 unitate
1493 1494 1700 1557 princi-

193 1569 271 1632 pii
321 1563 585 1612 divisionis
658 1561 963 1621 derivatur3
1034 1560 1118 1607 sed
1191 1565 1413 1622 systema
1464 1564 1703 1612 naturale

195 1630 585 1702 exceptionibus
624 1631 909 1680 necessario
971 1627 1220 1686 abundat,
1292 1625 1356 1672 ad
1431 1627 1702 1681 characte-

199 1720 283 1755 res
328 1711 519 1758 autem,
561 1717 659 1748 non
699 1700 763 1747 ad
804 1699 1126 1754 affinitatem,
1161 1695 1559 1759 pertinentibus.

416 1767 496 1810 Sic
526 1767 710 1810 insanus
736 1769 809 1811 vel
834 1769 989 1810 infans
1042 1771 1111 1808 est
1143 1764 1294 1811 homo,
1329 1762 1446 1805 lieet
1476 1780 1568 1809 non
1595 1768 1698 1811 ani..

199 1828 296 1873 mal
335 1826 580 1869 rationale.

389 1881 468 1926 Sic
500 1882 925 1936 Ornithorhrnchus
969 1879 1209 1925 mammale
1274 1890 1368 1922 esse
1423 1887 1592 1934 potest,
1643 1883 1705 1926 li-

206 1946 282 1989 eet
312 1956 404 1984 non
440 1942 613 1982 animal
646 1944 838 1982 lactans.

372 1998 452 2041 Sic
487 1999 621 2052 plura
652 1999 899 2054 zoophyta.
947 2010 1059 2052 quae,
1092 2011 1149 2037 an
1181 1994 1403 2041 sentiant,
1434 1994 1599 2044 nescis,
1639 2001 1710 2038 ta·-

198 2075 308 2104 meu
339 2058 581 2102 animalia.

402 2114 525 2155 Hine
589 2110 804 2153 Linnaeus
873 2112 1162 2155 characteres
1200 2123 1290 2151 non
1326 2107 1458 2150 dedit
1490 2107 1709 2152 ordinum

206 2173 492 2233 plantarum,
531 2171 640 2227 quia
670 2171 838 2213 nimias
871 2171 998 2215 vidit
1031 2170 1336 2225 exceptiones.

371 2283 421 2332 5.
491 2281 688 2334 Classes
728 2302 830 2332 non
872 2282 1052 2346 magis,
1115 2299 1271 2348 quam
1309 2284 1487 2332 ceterae
1523 2281 1711 2331 sectio.-

206 2371 314 2410 nes‚
396 2361 540 2399 certo
606 2370 835 2405 numero
904 2352 1107 2402 definiri
1183 2359 1399 2416 possunt
1437 2366 1453 2409 3
1545 2357 1597 2397 et
1663 2349 1711 2397 si

204 2424 278 2470 ita
316 2421 530 2470 conditae
569 2433 707 2484 sunt,
739 2429 799 2467 ut
838 2421 1016 2484 augeri
1047 2422 1126 2469 vel
1168 2437 1385 2468 numero
1422 2418 1584 2466 minui
1623 2434 1713 2466 ne-

209 2497 421 2554 queant,
466 2500 604 2538 certe
650 2509 753 2542 non
791 2486 1069 2538 naturales.
1145 2489 1378 2554 Systema
1446 2487 1582 2534 enim
1613 2486 1713 2533 ho-

207 2559 334 2605 mini
372 2558 486 2604 idea
521 2567 613 2618 est,
661 2563 743 2608 cui
777 2574 881 2607 sese
906 2559 1311 2626 appropinquat,
1350 2571 1506 2621 quam
1539 2561 1711 2603 tamen

207 2641 493 2691 numquam
536 2629 761 2692 attingit,
1690 2644 1694 2647 ’

371 2717 452 2764 sic
487 2720 653 2766 classes
685 2735 769 2765 nee
807 2717 872 2771 15,
907 2736 991 2767 nec
1025 2721 1096 2775 24,
1157 2735 1240 2764 nee
1279 2720 1331 2764 33
1365 2716 1588 2770 stabiliri,
1631 2729 1719 2783 nee
